%% This BibTeX bibliography file was created using BibDesk.
%% https://bibdesk.sourceforge.io/

%% Created for pachot at 2020-05-06 11:33:54 -0400 


%% Saved with string encoding Unicode (UTF-8) 



@manual{Ndiaye:ab,
	Author = {Isma\"{i}la Ndiaye},
	Date-Added = {2020-05-06 11:30:05 -0400},
	Date-Modified = {2020-05-06 11:33:53 -0400},
	Title = {Chapitre~2: Axiomes de probabilit{\'e}s},
	Url = {https://studium.umontreal.ca/pluginfile.php/5527501/mod_resource/content/1/MAT1720-Chap2.pdf}}

@manual{Ndiaye:aa,
	Author = {Isma\"{i}la Ndiaye},
	Date-Added = {2020-05-06 10:24:19 -0400},
	Date-Modified = {2020-05-06 11:23:09 -0400},
	Title = {Chapitre~1: Analyse combanitoire},
	Url = {https://studium.umontreal.ca/pluginfile.php/5527500/mod_resource/content/1/MAT1720-Chap1.pdf}}

@manual{Davignon:2020aa,
	Author = {Thomas Davignon},
	Date-Added = {2020-05-06 06:40:36 -0400},
	Date-Modified = {2020-05-06 09:16:20 -0400},
	Title = {MAT1720 -- Introduction aux probabilit{\'e}s},
	Url = {https://dms.umontreal.ca/~davignon/MAT1720/notes_de_cours.pdf},
	Year = {2020},
	Bdsk-Url-1 = {https://dms.umontreal.ca/~davignon/MAT1720/notes_de_cours.pdf}}
